@inproceedings{nguyen2023exploring,
title = {Exploring Practitioner Perspectives On Training Data Attribution Explanations},
author = {Nguyen, Elisa and Kortukov, Evgenii and Song, Jean Y. and Oh, Seong Joon},
booktitle = {Conference on Neural Information Processing Systems Workshop on XAI in Action},
year = {2023}
}

@inproceedings{xiao2021noise,
  title={Noise or Signal: The Role of Image Backgrounds in Object Recognition},
  author={Xiao, Kai Yuanqing and Engstrom, Logan and Ilyas, Andrew and Madry, Aleksander},
  booktitle={International Conference on Learning Representations},
  year={2021}
}

@inproceedings{ribeiro2016should,
  title={Why Should I Trust You?: Explaining the Predictions of Any Classifier},
  author={Ribeiro, Marco Tulio and Singh, Sameer and Guestrin, Carlos},
  booktitle={International Conference on Learning Representations},
  year={2016}
}